2816 4742
1190 429 1197 433 ,
2360 424 2460 507 ἢ

370 598 481 666 ista
509 603 633 666 fine
655 601 1002 688 cognitione
1031 599 1368 662 cauffarum
1399 610 1678 661 accurata
1712 597 1866 659 adeo
1899 606 2060 663 certa
2079 614 2140 663 et
2163 614 2462 686 perpetua

365 715 538 786 funt,
596 729 665 775 vt
703 713 848 773 hinc
881 709 1112 795 semper
1136 712 1403 772 inueniri
1434 707 1620 794 poffit
1652 727 1799 769 vera
1832 711 2087 773 curandi
2114 713 2459 776 methodus·

364 822 568 907 Aeger
613 824 778 884 enim
824 847 951 885 non
1007 812 1178 884 curat
1206 820 1697 894 ¹theoreticorum
1737 817 1969 881 somnia
2008 837 2071 883 et
2099 839 2459 900 commenta,

256 960 263 969 ·
367 932 487 994 hoc
531 954 680 993 vero
725 934 856 995 iure
894 931 1001 994 suo
1031 928 1327 1016 postulat,
1384 952 1465 990 ne-
1494 930 1631 1013 quis
1662 927 2037 991 medicorum
2068 946 2131 993 et
2163 931 2460 994 valetudi-

365 1036 508 1103 nem
528 1088 546 1117 ,
592 1057 655 1102 et
682 1043 872 1105 vitam
912 1041 1080 1102 fuam
1112 1038 1523 1123 nundinetur,
1570 1053 1631 1098 et
1662 1039 1726 1096 in
1758 1037 1815 1099 se
1836 1084 1854 1114 ,
1901 1038 2049 1125 quid
2077 1038 2322 1101 demum
2350 1064 2460 1105 no-

368 1173 449 1211 ua
499 1152 655 1212 ratio
698 1149 932 1228 valeat,
990 1149 1384 1236 periclitetur.
1467 1143 1653 1209 Aliud
1690 1148 1774 1209 est
1805 1150 1963 1209 intra
1995 1148 2055 1211 se
2090 1148 2361 1235 desspere
2392 1174 2464 1215 ac

282 1278 285 1283 “
368 1259 649 1338 suauiter
687 1260 981 1337 delirare,
1041 1258 1207 1321 aliud
1259 1256 1469 1318 deliria
1499 1258 1581 1329 ¹in
1619 1271 1955 1319 ceterorum
1987 1258 2305 1321 hominum
2330 1285 2461 1325 cor·
2546 1337 2550 1341 .

364 1370 618 1454 poribus
669 1371 952 1454 experiri.
1051 1367 1217 1430 Illud
1266 1365 1408 1427 licet
1459 1367 1680 1449 cuique
1724 1365 2089 1452 philosopho
2116 1385 2178 1432 et
2205 1371 2461 1451 medico,

367 1480 475 1562 qui
523 1479 635 1540 fibi
664 1479 883 1563 aliquis
919 1479 1071 1541 deus
1108 1475 1229 1550 est,
1286 1473 1589 1559 nullisque
1619 1475 1680 1539 se
1707 1473 1943 1560 legibus
1975 1476 2244 1564 obligare
2273 1480 2462 1568 cupit,

366 1588 486 1650 hoc
532 1611 682 1651 vero
723 1610 848 1650 non
885 1584 1046 1650 licet.
1123 1585 1541 1647 Adhibeamus
1572 1607 1719 1671 ergo
1744 1587 1813 1647 in
1842 1585 2112 1650 docenda
2142 1607 2204 1652 et
2227 1589 2463 1655 facien-

366 1697 446 1758 da
474 1699 772 1760 medicina
799 1698 1101 1759 rationem
1133 1718 1290 1771 eam,
1333 1715 1492 1781 quae
1520 1710 1777 1756 naturae
1809 1716 1992 1781 quam
2023 1701 2290 1763 maxime
2319 1722 2461 1766 con-

364 1807 617 1883 sentiat,
706 1831 833 1869 non
881 1830 1030 1869 vero
1097 1826 1266 1881 eam,
1327 1827 1510 1890 quam
1554 1804 1903 1888 profess'ori·
1950 1810 2160 1892 opinio
2202 1811 2461 1890 inuenit,

365 1919 692 1978 “auctoritas
742 1918 955 1979 ceteris
976 1962 995 1993 ,
1062 1931 1353 2002 tanquam
1398 1917 1649 1998 iugum,
1726 1916 2160 1998 imponendam
2205 1922 2465 1986 curauit.

362 2025 601 2088 Medici
644 2025 963 2111 prudentis
1015 2027 1101 2090 est
1146 2046 1291 2088 vera
1338 2045 1373 2083 a
1419 2020 1835 2109 probabilibus
1885 2026 2228 2107 secernere,
2300 2031 2465 2095 docti

361 2137 484 2196 viri
513 2133 597 2196 est
630 2158 767 2197 cum
802 2136 1066 2198 SENECA
1100 2135 1156 2213 *)
1190 2134 1429 2210 dicere,
1487 2158 1785 2221 nunquam
1823 2139 2185 2220 inuenietur,
2236 2141 2295 2228 fi
2327 2166 2461 2204 con·

364 2249 505 2305 tenti
553 2242 851 2335 fuerimus
900 2248 1201 2307 inuentis.‘
1285 2245 1400 2332 Qui
1442 2244 1624 2305 alium
1660 2242 1973 2331 sequitan·
2030 2250 2177 2309 nihil
2219 2254 2460 2330 inuenit,

294 2408 298 2411 Α
362 2358 479 2417 imo
532 2381 636 2416 nec
682 2359 932 2440 quaerit.
1047 2357 1207 2443 Quid
1241 2356 1438 2437 ergo?
1499 2355 1643 2415 Non
1675 2353 1768 2416 ibo
1795 2379 1908 2440 per
1929 2358 2194 2441 priorum
2241 2368 2329 2439 (et
2359 2388 2456 2429 ae.

358 2465 660 2551 qualium)
690 2464 988 2548 vestigia?
1033 2469 1171 2547 Ego
1200 2488 1335 2525 vero
1364 2483 1503 2523 vtar
1532 2465 1630 2524 via
1660 2469 1873 2540 veteri,
1907 2464 2022 2553 sed
2038 2468 2097 2555 si
2118 2476 2459 2555 propiorem

359 2575 801 2660 planioremque
838 2573 1371 2652 (incitabilitatem)
1407 2578 1719 2650 iuuenem,
1761 2576 1914 2637 hanc
1940 2583 2236 2653 muniam,
2294 2600 2456 2646 certe

361 2683 710 2769 persequar,
753 2684 821 2744 in
850 2699 1149 2767 quantum
1177 2704 1254 2743 ex
1287 2682 1402 2745 vsu
1438 2699 1601 2744 certa
1636 2700 1697 2746 et
1713 2687 1880 2746 omni
1895 2690 2457 2772 exceptionefuerit

243 2835 257 2846 ι
361 2793 653 2876 superior.
769 2793 886 2880 Qui
933 2811 1071 2853 ante
1115 2816 1217 2853 nos
1259 2790 1370 2872 ifta
1414 2814 1756 2869 mouerunt,
1815 2803 1906 2873 (et
1950 2799 2281 2860 etiamnum
2323 2821 2453 2882 mo-

360 2910 532 2979 vent)
565 2926 680 2961 non
717 2902 940 2964 domini
969 2901 1179 2985 nostri,
1212 2900 1330 2989 sed
1367 2904 1540 2964 duces
1556 2902 1724 2990 sunt.
1811 2909 1988 2968 Patet
2015 2908 2276 2971 omnibus
2305 2914 2455 2974 veri·

267 3004 271 3010 ’
363 3031 490 3084 tas,
559 3014 817 3075 nondum
864 3012 945 3097 eft
990 3031 1313 3098 occupata,
1371 3015 1621 3076 niultum
1653 3039 1726 3077 ex
1752 3018 1858 3079 illa
1907 3022 2083 3082 etiam
2101 3017 2332 3113 futuris
2361 3045 2452 3084 re·

362 3121 562 3182 lictum
594 3120 693 3204 est.

425 3288 479 3360 ¹⁸)
514 3288 695 3365 Epist·
730 3302 826 3360 53·

555 3594 688 3665 Sed
725 3593 814 3665 de
845 3596 956 3666 his
993 3597 1174 3671 satis.
1247 3600 1637 3673 Indicenda
1671 3589 1835 3673 suni
1866 3600 2256 3677 doctissimi
2290 3629 2455 3679 onn-

264 3705 269 3710 ’
354 3692 587 3763 didati
623 3695 994 3767 sollemnia
1042 3699 1541 3798 inauguralia‚
1591 3703 1721 3796 qui
1754 3704 2107 3776 laudabili
2143 3708 2453 3807 diligen-

343 3795 455 3862 tia
492 3796 686 3886 apud
725 3821 852 3867 nos
899 3803 1330 3871 medicinam
1367 3821 1444 3872 et
1478 3805 1771 3887 didicit,
1824 3822 1898 3875 et
1938 3805 2085 3899 ipse
2116 3809 2449 3903 agitauit.
2493 3903 2498 3906 v

352 3900 509 3963 Iam
543 3916 778 3966 metae
816 3904 1192 3993 proximus
1230 3906 1417 3973 hanc
1448 3902 1897 3975 scholasticae
1918 3927 1990 3976 et
2011 3911 2456 3980 academicae

354 3995 553 4070 vitae
590 4000 945 4072 rationem
980 4026 1075 4074 ex
1104 4001 1441 4075 instituto
1473 4007 1848 4077 maiorum·
1877 4007 2091 4079 nobis
2121 4011 2448 4083 tradidit.
