2816 4742
344 607 748 675 admiserint?
793 607 922 670 Cur
958 617 1113 682 eam,
1154 628 1313 693 quae
1344 612 1547 675 minus
1581 624 1617 669 a
1651 606 1825 669 sensu
1857 608 2244 671 communiet
2262 628 2447 703 expes·

351 719 571 780 rientia
596 690 950 803 quotidiana
988 714 1309 800 abhorret,
1369 717 1832 804 improbandam
1865 733 2049 801 atque
2082 740 2210 778 rem
2239 716 2448 780 abfut-

342 827 489 888 dam
523 827 868 897 habendam
902 827 1022 890 else
1053 828 1398 890 censeamus
1419 829 1451 889 ἲ
1495 829 1623 893 Cui*
1654 827 1742 890 illi
1772 824 2196 911 philosophiae
2215 871 2233 899 ‚
2283 849 2444 913 quae

344 939 412 999 in
443 936 566 1000 sola
595 939 966 1023 cogitatione
999 936 1272 1001 versatur
1290 983 1310 1012 ,
1343 953 1413 1000 'et
1443 937 1608 1022 leges
1648 953 1902 998 naturae
1931 924 2302 1021 piaesumtas
2331 958 2448 1021 pro

348 1048 513 1110 veris
545 1046 767 1121 habet,
823 1048 1049 1132 primas
1078 1048 1143 1107 in
1174 1047 1511 1119 medicina,
1559 1049 1782 1113 rationi
1813 1047 1990 1108 sanae
2020 1047 2313 1108 secundas
2343 1045 2450 1109 de·
2508 1082 2514 1089 .

348 1179 486 1219 mus
505 1156 538 1217 ?
597 1158 668 1219 Si
694 1156 770 1219 de
801 1156 1248 1242 organisatione
1266 1199 1285 1230 ‚
1347 1162 1642 1241 tanquam
1679 1157 1962 1219 scientiae
1997 1156 2269 1218 medicae
2305 1157 2453 1218 fuu-

349 1265 673 1342 damento,
718 1269 1083 1351 quaeritur,
1154 1265 1388 1326 habent
1434 1266 1653 1352 singuli
1696 1266 2046 1351 philosophi
2089 1265 2270 1326 aliam
2313 1266 2448 1337 eim

345 1377 660 1438 notionem
721 1391 923 1437 mente
970 1376 1358 1453 insormatam
1404 1376 1732 1460 verbisque
1776 1375 2043 1437 obscuris
2089 1370 2447 1458 express'am,

349 1485 400 1546 fi
446 1484 526 1546 de
573 1485 830 1549 veritate
879 1484 1256 1569 disputatur,
1315 1486 1576 1569 quisque
1623 1487 1837 1546 ceteris
1867 1486 2101 1546 acutior
2129 1499 2192 1546 et
2219 1478 2449 1568 perspi-

346 1596 551 1655 cacior
594 1593 714 1657 ess'e
760 1597 943 1678 cupit.
1045 1593 1182 1654 Alia
1237 1592 1324 1654 est
1352 1596 1403 1654 F
1407 1613 1633 1655 mua-11
1679 1616 1751 1655 ac
1781 1596 2286 1670 Roscnmwnu,
2328 1592 2447 1659 alia

348 1706 597 1767 Rex-Lu
644 1718 708 1764 et
745 1705 1115 1767 Bannmsn
1148 1703 1242 1781 ἱ’),
1302 1701 1419 1764 alia
1456 1702 1905 1766 Scamnum
1944 1704 2154 1787 opinio
2182 1719 2245 1765 et
2272 1694 2450 1787 prae-

348 1811 573 1874 sumtio
602 1813 766 1886 veri,
811 1835 957 1898 ergo
987 1832 1113 1875 non
1147 1812 1287 1875 satis
1326 1813 1590 1889 constat,
1634 1829 1767 1876 vtra
1798 1815 1864 1873 in
1892 1829 2066 1897 parte
2100 1816 2172 1875 fit
2204 1817 2447 1881 veritat.

352 1924 601 1984 Etenim
647 1920 884 1984 occulta
929 1921 1015 1988 est
1061 1923 1319 1985 interior
1369 1923 1641 2008 corporis
1685 1923 1942 1983 humani
1968 1923 2201 1984 fabrica
2222 1968 2243 1999 ,
2298 1912 2449 2007 etgo

347 2031 575 2095 dubiae
619 2031 762 2094 sunt
800 2029 966 2116 leges
1014 2031 1097 2093 ab
1144 2033 1382 2097 ratione
1424 2053 1496 2092 ac
1523 2032 1894 2117 cogitatione
1912 2076 1932 2103 ,
1989 2055 2117 2096 non
2147 2033 2222 2094 ab
2262 2054 2448 2118 expe·

351 2143 575 2203 rientia
593 2185 612 2215 ‚
670 2122 848 2202 vnica
893 2143 956 2201 in
1003 2142 1185 2204 rebus
1215 2141 1489 2226 physicis
1520 2158 1586 2204 et
1612 2142 1862 2233 medicis
1900 2142 2178 2230 magistra
2197 2189 2216 2218 ,
2259 2142 2450 2204 dedu·

352 2267 506 2313 ctae.
575 2253 788 2313 Immo
805 2273 955 2313 vero
972 2252 1249 2315 nesciunt
1262 2249 1350 2311 illi
1365 2266 1620 2314 naturae
1636 2254 1995 2335 interpretes
2012 2267 2075 2313 et
2090 2248 2448 2338 mystagogi,

354 2359 524 2446 quod
553 2362 716 2423 vitae
741 2363 1130 2446 principium,
1175 2362 1284 2447 qui
1313 2362 1475 2436 som,
1522 2385 1679 2447 quae
1714 2346 1888 2448 origo
1918 2363 2012 2438 sit,
2054 2363 2241 2423 immo
2276 2383 2446 2444 veto,

340 2485 551 2533 vuum
602 2472 725 2534 vita
760 2485 825 2532 et
861 2471 1231 2555 organisatio
1271 2494 1304 2533 a
1336 2470 1397 2533 se
1431 2471 1746 2547 differant,
1805 2496 1918 2534 nec
1950 2494 2063 2545 ne,
2125 2469 2454 2556 ambigunt

348 2593 532 2662 atque
565 2571 880 2639 fluctuant.
965 2582 1050 2640 Et
1077 2595 1281 2643 tamen
1311 2581 1577 2643 medicos
1594 2604 1670 2644 eo
1686 2582 1930 2667 adigere-
1949 2583 2221 2665 cupiunt,
2239 2581 2452 2652 vtsine

346 2710 518 2750 mora
549 2689 739 2750 victas
788 2710 1004 2750 manus
1038 2688 1221 2766 dent,
1265 2707 1333 2753 vt
1363 2690 1851 2754 obseruationem
1881 2706 2105 2753 certam
2135 2707 2199 2753 et
2240 2682 2451 2756 vera'm

348 2799 616 2862 incertae
674 2797 1098 2883 probabilique
1150 2800 1554 2885 postponant,
1623 2816 1687 2864 et
1732 2801 2191 2883 dithyrambicis
2249 2798 2449 2885 philo·

346 2906 680 2990 sophorum
704 2908 932 2982 verbis,
976 2925 1045 2970 vt
1078 2910 1335 2971 oraculis
1366 2910 1649 2985 deorum,
1698 2912 1824 2973 fine
1853 2913 2236 2973 cunctatione
2267 2910 2448 2976 fidem

342 3016 697 3080 adhibeant.
798 3021 922 3078 Fac
968 3041 1152 3094 vero,
1211 3044 1403 3088 vnum
1447 3045 1525 3083 ex
1559 3022 1653 3083 his
1685 3022 2091 3104 antesignanis
2127 3023 2379 3103 propius
2407 3039 2448 3086 ,ι

334 3149 495 3192 vero
547 3126 781 3202 abeffe,
840 3130 1009 3213 aegei
1039 3144 1243 3191 tamen
1273 3153 1398 3193 non
1435 3132 1719 3215 speciosis
1753 3131 1956 3193 verbis
1977 3175 1997 3204 ,
2053 3151 2180 3191 non
2214 3126 2446 3211 sophis·

345 3239 524 3298 matis
545 3281 560 3310 ,
616 3259 744 3300 non
781 3239 1160 3321 captionibus
1193 3239 1517 3302 dialecticis
1532 3273 1554 3316 ·,
1613 3240 1716 3304 sed
1746 3257 1914 3316 arte,
1958 3260 2118 3326 quae
2151 3239 2272 3300 iam
2303 3236 2443 3302 satis

348 3347 461 3411 vsu
489 3345 844 3409 confirmata
874 3347 961 3408 est
975 3392 996 3421 ,
1061 3361 1195 3411 tuto
1222 3365 1645 3434 percurantur.

513 3569 725 3653 Pergit
768 3568 1057 3643 Censvs,
1117 3566 1453 3658 „differunt
1499 3591 1724 3655 quoque
1768 3592 1879 3651 pro
1924 3588 2142 3631 natum
2186 3566 2446 3638 locorum

348 3702 574 3759 genera
614 3680 979 3753 medicinae,
1039 3697 1097 3740 et
1133 3679 1301 3739 aliud
1332 3701 1479 3762 opus
1510 3676 1590 3759 est'
1624 3680 1884 3753 Romae,
1944 3681 2160 3742 aliud
2138 3703 2203 3740 υι
2235 3680 2445 3764 Aegy

258 3835 261 3838 .
346 3805 486 3872 pto,
533 3787 699 3848 aliud
734 3791 793 3847 in
833 3788 1073 3851 Gallia.
1140 3791 1332 3852 Recte
1374 3811 1444 3849 ac
1476 3810 1621 3852 vere
1654 3788 1756 3852 illa
1788 3790 1945 3852 dicta
1987 3807 2189 3876 putea.
2277 3790 2442 3868 Coq-

2174 3899 2436 3965 veniunt

415 4117 474 4184 ⁵)
511 4116 821 4173 Dfmuno
853 4111 894 4173 l.
927 4112 1026 4174 cit.
1062 4133 1120 4189 p.
1150 4125 1249 4183 52.
