2816 4742
376 608 549 672 ribus
564 652 582 684 ,
628 608 747 693 qui
763 629 843 670 ex
873 606 1269 692 amplitudine
1305 613 1669 695 opinionum
1700 610 1895 673 bonas
1931 610 2180 698 quidem
2208 612 2466 698 eligunt,

374 716 617 780 inutiles
645 699 978 801 respuunt,
1011 718 1310 782 minorem
1335 720 1549 782 iudicii
1579 722 1706 785 vim
1736 720 1923 785 iness'e
1954 723 2324 808 opinemur?
2391 743 2401 751 ⁴

539 937 747 1020 Pergit
778 937 1069 1001 ansvs.
1111 939 1230 1015 „Si
1257 940 1517 1001 rationes
1534 935 1708 1025 sequi
1736 940 1910 1017 velit,
1953 945 2210 1005 omnium
2230 941 2468 1041 poffunt

370 1045 559 1107 videri
611 1070 728 1108 non
771 1046 1185 1131 improbabiles·
1202 1094 1221 1121 ,
1263 1050 1322 1135 fi
1351 1053 1715 1125 curationes,
1776 1049 1856 1112 ab
1882 1051 2147 1114 omnibus
2177 1054 2266 1115 his
2294 1056 2468 1136 aegri

369 1157 639 1239 perducti
659 1154 806 1244 funt
832 1157 917 1218 ad
932 1155 1290 1243 sanitatem,
1345 1162 1433 1221 ita
1467 1182 1651 1245 neque
1679 1158 2099 1246 disputationi,
2144 1186 2328 1247 neque
2358 1188 2464 1225 aun

368 1268 631 1327 ctoritati
679 1268 1016 1355 cuiusquam
1046 1269 1248 1358 „fidem
1305 1271 1592 1354 derogari
1640 1274 1954 1357 oportuit.'¹
2059 1271 2311 1334 Habent
2364 1272 2462 1347 isti

373 1374 595 1437 medici
640 1376 942 1460 quandam
984 1394 1449 1463 praeceptorum
1492 1383 1828 1458 rationem,
1902 1380 2230 1459 (theoriam
2269 1380 2459 1467 vulga

374 1484 613 1564 dicunt)
648 1507 908 1571 eamque
934 1487 1330 1572 probabilem,
1372 1490 1590 1575 quidni
1626 1513 1762 1553 eam
1798 1488 2182 1553 adsumamus
2208 1512 2323 1575 pro
2352 1512 2459 1553 ve·

372 1601 444 1655 ‘ra
463 1639 482 1670 ,
541 1594 735 1657 donec
779 1618 919 1657 eam
963 1597 1179 1659 falsam
1225 1598 1345 1661 ess'e
1373 1598 1516 1663 vfus
1543 1586 1918 1663 medicorum
1945 1598 2098 1661 nulli
2127 1599 2324 1662 fectae
2354 1597 2460 1667 adq

378 1702 680 1767 dictorum
727 1704 1051 1769 docuerit?
1125 1709 1499 1793 Largiamur
1553 1696 1901 1786 annom,
1955 1694 2459 1781 Roscnmwino,

352 1793 668 1891 ‚Rerum
724 1815 902 1885 docta
955 1832 1018 1879 et
1047 1812 1362 1904 ingeniosa
1393 1834 1733 1882 commenta
1752 1864 1772 1895 ,
1827 1841 2032 1904 neque
2072 1818 2459 1883 inuideamus

377 1923 645 2008 ipsorum
688 1925 847 1988 bene
886 1940 1099 2009 partae
1146 1925 1374 2012 gloriae
1390 1972 1410 2003 ,
1449 1944 1514 1990 at
1541 1950 1690 1992 vero
1720 1944 1783 1991 et
1817 1929 1996 1992 nobis
2028 1926 2259 2013 aliquid
2286 1928 2461 2011 ingen

373 2035 498 2110 nii,
528 2034 740 2096 iudicii
771 2051 834 2098 et
853 2034 1199 2120 ¹sapientiae
1229 2036 1567 2103 tribuamus
1583 2084 1603 2114 ,
1646 2040 2007 2126 magnisque
2033 2038 2180 2102 viris
2211 2037 2459 2105 demum

376 2144 511 2229 post
554 2145 930 2230 exploratam
971 2146 1352 2209 decretorum
1392 2171 1701 2210 nouorum
1739 2151 2061 2212 veritatem
2094 2136 2407 2210 credamus
2425 2146 2459 2206 ‘2

379 2256 778 2340 Quaeruntur
819 2256 886 2316 in
931 2256 1255 2319 academiis
1296 2256 1571 2320 theoriae
1600 2280 1808 2320 nouae
1829 2257 2230 2343 profess'ores‚
2289 2252 2461 2342 quast

378 2364 507 2426 fine
552 2364 669 2427 hac
711 2364 1046 2428 medicinae
1083 2365 1280 2429 honos
1327 2365 1547 2451 aliquis
1579 2366 1699 2452 effe
1728 2391 1858 2430 non
1883 2364 2102 2452 possit,
2163 2389 2284 2452 ego
2310 2345 2459 2429 vero

381 2475 568 2536 miror
593 2473 972 2536 sedulitatem
1004 2491 1068 2537 et
1093 2474 1449 2537 industriam
1477 2493 1724 2552 eorum‘5
1768 2477 1876 2561 qui
1904 2474 2216 2538 ambitiose
2246 2474 2462 2560 anqui-

379 2599 527 2645 runt
556 2599 619 2646 et
646 2584 1069 2646 commendant
1096 2584 1158 2645 id
1175 2630 1194 2660 ,
1235 2585 1402 2670 quod
1429 2586 1658 2671 vbique
1689 2586 1774 2649 est
1803 2609 1874 2664 ac
1899 2585 2059 2649 laete
2089 2585 2341 2661 crescit,
2393 2597 2465 2648 vt

328 2717 345 2726 -
381 2692 596 2756 lolium
637 2695 797 2756 inter
843 2714 1092 2756 auenas.
1195 2695 1514 2758 Medicina
1562 2698 1727 2758 enim
1774 2696 2114 2776 academica
2159 2696 2294 2757 fere
2334 2714 2464 2755 non

382 2803 505 2880 est,
549 2803 662 2864 nin
694 2802 1027 2865 theoretica
1045 2848 1063 2879 ‚
1104 2826 1300 2890 eaque
1335 2806 1657 2886 tyronibus
1687 2807 1775 2870 ita
1803 2806 2004 2869 infusa
2033 2806 2324 2891 quasique
2351 2804 2465 2867 im-

382 2912 576 2996 preffa
594 2957 615 2988 ‚
673 2927 742 2974 vt
785 2929 1025 2997 praeter
1064 2915 1363 2977 rationem
1404 2914 1753 3000 profess'orip
1799 2939 2025 2980 nouam
2069 2914 2229 2977 nihil
2254 2914 2467 2988 sciant,

382 3045 496 3085 nec
541 3021 689 3084 scire
731 3023 996 3108 cupiant.
1098 3024 1221 3086 Sed
1259 2998 1429 3086 aliud
1472 3024 1560 3087 est
1600 3047 1681 3087 ex
1720 3025 2007 3088 cathedra
2049 3039 2464 3111 praeceptum,

382 3132 501 3193 alia
541 3130 810 3216 prudens
856 3130 1198 3217 applicatio.
1284 3135 1531 3196 Etenim
1577 3157 1703 3197 non
1749 3136 1899 3197 facit
1936 3137 2095 3198 ratio
2137 3132 2371 3196 subtilis
2401 3146 2467 3193 et

383 3241 764 3303 ratiocinatio
826 3240 1138 3306 dialectica
1199 3243 1431 3306 bonum
1493 3244 1795 3306 medicum
1813 3289 1831 3319 ,
1904 3243 2011 3307 sed
2066 3241 2465 3328 experientia,

382 3352 537 3414 haec
578 3374 732 3415 vero.
772 3374 900 3412 non
932 3350 1162 3436 semper
1191 3353 1518 3437 respondet
1540 3355 1762 3421 rationi
1788 3355 2123 3415 inuentoris
2155 3351 2464 3437 praesum-

380 3478 500 3525 tae.
592 3461 761 3549 Quid
791 3483 938 3547 ergo
954 3464 987 3527 ἳ
1048 3464 1173 3525 Suo
1219 3465 1479 3549 quisque
1508 3464 1603 3525 vir
1632 3462 1898 3548 prudens
1928 3478 1991 3534 et
2020 3464 2230 3530 doctus
2259 3475 2465 3524 vtatur

383 3571 608 3644 iudicio
627 3617 651 3651 ,
689 3570 884 3634 donec
910 3572 1201 3670 probetur
1224 3576 1616 3648 contrarium,

551 3789 637 3850 At
698 3812 845 3854 vero
892 3793 1113 3878 nuperi·
1159 3792 1496 3858 medicinae
1538 3790 1884 3855 reductores
1932 3812 2004 3851 ac
2043 3793 2473 3856 reformatores

384 3919 524 3972 eam
557 3898 1015 3981 probationem,
1064 3924 1222 3987 quae
1259 3901 1336 3962 ab
1381 3903 1795 3964 curationibus
1827 3899 2123 3986 prosperis
2158 3902 2476 3986 repetitur,

379 4024 453 4077 vt
500 4011 763 4074 intutam
818 4023 881 4074 et
924 4010 1423 4096 improbabilem²
1497 4014 1748 4087 omnino
1784 4010 2110 4088 damnant,
2169 4026 2233 4077 et
2263 4031 2480 4072 curare

2415 4139 2491 4186 ⁸0
