2816 4742
305 595 411 669 est.
484 580 850 680 -Litigarunt
884 608 1144 669 vetereS,
1195 595 1530 657 deliramnt
1556 597 1834 669 maiores»,
1870 599 2185 672 certiorem
2218 615 2283 661 et
2310 599 2410 662 fir·

304 708 562 769 miorem
605 682 811 767 multis
862 703 1086 780 abhinc
1134 703 1348 773 seculis
1380 704 1636 788 polliciti
1667 705 1806 775 [unt
1835 706 2028 766 artem
2056 707 2407 797 philosophi
2458 766 2462 771 ,

303 831 366 878 et
397 817 542 877 artis
573 813 933 898 profell'ores
966 815 1032 874 in
1068 812 1169 874 sua
1201 836 1266 876 re
1297 813 1522 889 diserti,
1557 813 1658 875 sed
1685 813 1820 897 post
1851 814 2403 902 perbreue'tempo-

297 927 383 995 ris
418 925 681 1008 spatium
714 946 851 984 cum
885 922 1233 985 auctoribus
1264 921 1524 1009 gloriosa
1558 908 1939 984 decretorum
1969 927 2136 989 fama
2170 921 2401 991 cecidit.

294 1016 573 1112 Plurimi,
620 1050 689 1097 vt
717 1033 998 1095 homines
1030 1032 1193 1106 mali,
1240 1032 1642 1125 prodiderunt
1671 1033 1861 1116 ipsam
1891 1034 2272 1124 medicinam,
2316 1021 2404 1101 sa·-

291 1126 525 1230 pientia
555 1144 663 1205 sua
695 1144 872 1206 vnice
902 1143 1082 1219 freti,
1143 1164 1381 1231 neque,
1427 1165 1505 1205 an
1538 1142 1685 1229 quid
1717 1144 1860 1207 inde
1902 1145 2248 1211 detrimenti
2278 1169 2402 1215 me,-
2455 1181 2460 1186 -

298 1254 500 1315 dicina
531 1254 763 1337 capiat,
799 1253 997 1327 veriti,

462 1454 648 1535 Iubet
679 1472 963 1545 comicus,
1007 1486 1076 1532 vt
1110 1474 1178 1532 in
1207 1470 1462 1535 aliorum
1500 1470 1656 1533 vitas
1693 1473 2064 1550 intueamur,
2100 1474 2394 1559 tanquam

297 1583 366 1643 in
397 1580 705 1665 speculum
723 1626 741 1654 ‚
783 1580 1101 1642 redeamus
1133 1601 1278 1666 ergo
1308 1580 1375 1639 in
1404 1582 1730 1663 praeterita
1761 1581 1960 1643 secula
1980 1628 1996 1657 ,
2039 1578 2241 1668 neque
2271 1606 2399 1646 me·-

298 1691 574 1755 dicorum
619 1712 817 1752 mores
848 1706 1032 1774 atque
1064 1690 1310 1776 ingenia
1344 1689 1420 1751 ab
1453 1689 1671 1751 nostris
1701 1690 1854 1751 adeo
1892 1691 2135 1754 differre
2166 1692 2396 1778 perspi-

297 1802 546 1863 ciemus,
631 1799 739 1861 Est
772 1799 934 1883 apud
966 1815 1199 1862 veteres
1230 1797 1496 1859 medicos
1529 1798 1605 1860 de
1634 1799 1972 1863 medicinae
2003 1800 2198 1867 studio.
2230 1817 2292 1867 et
2318 1802 2395 1867 do

295 1909 579 1987 medendi
623 1911 860 1973 ratione
906 1909 1137 1969 summa
1184 1906 1494 1969 contentio
1540 1922 1723 1993 atque
1752 1909 2076 1986 dissensio,
2135 1910 2394 1997 suntque
2453 1943 2458 1949 ·

284 2019 399 2095 ³alii
453 2017 815 2095 rationales,
877 2020 984 2106 qui
1032 2017 1262 2080 cauffas
1315 2016 1669 2078 morborum
1705 2016 2017 2093 euidentes
2052 2042 2123 2081 ac
2152 2020 2390 2081 abditas

289 2129 502 2195 sedulo
535 2128 912 2213 quaerendas
944 2128 1063 2191 effe
1081 2129 1315 2203 iubent,
1358 2142 1420 2188 et
1434 2128 1732 2213 rationem
1748 2127 1883 2188 vsui
1902 2108 2390 2212 anteponendam

291 2237 411 2317 effe
458 2239 852 2323 profitentur,
909 2238 1051 2301 sunt
1081 2238 1219 2310 alii,
1268 2238 1375 2321 qui
1405 2235 1587 2297 solam
1634 2239 2192 2320 experimentorum
2225 2241 2385 2301 noti·

292 2349 440 2410 tiam
468 2347 857 2416 neceffariam
890 2347 1009 2409 effe
1038 2350 1336 2420 iactitant,
1368 2347 1506 2410 sunt
1542 2346 1811 2432 denique
1827 2350 2252 2418 Tur-,Misenus
2284 2370 2384 2418 ae·
2421 2379 2431 2391 ·

290 2457 477 2529 muli,
536 2458 642 2542 qui
689 2457 1015 2532 methodo,
1070 2473 1362 2542 tanquam
1396 2459 1542 2517 artis
1593 2456 1872 2531 x'rinculo',
1932 2456 2194 2518 adstricti
2226 2457 2381 2520 nihil

290 2567 522 2641 sciunt,
563 2567 674 2626 nisi
715 2566 980 2634 strictum
1016 2589 1085 2627 ac
1118 2567 1364 2640 laxum,
1415 2581 1477 2628 et
1506 2567 1549 2627 fi
1584 2564 1831 2650 quando
1860 2565 2031 2628 dubii
2062 2565 2376 2643 haereant,

291 2674 559 2738 medium
622 2675 963 2760 quoddam,
1030 2692 1324 2760 tanquam
1371 2676 1665 2761 effugium
1718 2677 1899 2758 artis,
1956 2677 2382 2759 interponunt.

292 2785 456 2846 Hinc
495 2784 782 2855 acerrima
831 2787 991 2847 inter
1021 2785 1083 2847 se
1113 2783 1271 2846 bella
1303 2799 1559 2870 gerunt,
1598 2806 1713 2872 pro
1745 2784 1852 2844 sua
1882 2785 2112 2870 quique
2147 2787 2385 2874 opinio-

292 2917 370 2956 ne
390 2941 408 2969 ,
452 2911 744 2979 tanquam
770 2917 884 2979 pro
915 2896 1033 2956 aris
1067 2911 1131 2955 et
1160 2894 1314 2956 focis
1334 2938 1352 2967 ,
1399 2892 1809 2971 contendunt,
1863 2916 2065 2978 neque
2104 2895 2229 2956 fine
2259 2918 2387 2956 am·

290 3006 520 3067 bitione
557 3028 771 3066 verum
805 3004 1178 3084 scrutantur,
1220 3003 1326 3066 sed
1364 3002 1621 3090 gloriam
1657 3018 1720 3064 et
1748 3004 2167 3065 auctoritatem
2193 3004 2384 3074 [olam

289 3114 613 3178 sectantur.

451 3334 644 3421 Atqui
673 3355 820 3396 vero
853 3332 1008 3395 haec
1035 3314 1243 3396 vetera
1277 3330 1436 3403 sunt,
1469 3330 1573 3395 sed
1600 3333 1685 3392 ita
1719 3346 2088 3416 comparata,
2130 3346 2199 3392 vt
2232 3330 2380 3396 faci-

288 3446 343 3509 le
389 3445 466 3522 ad
497 3445 696 3506 nostra
730 3442 971 3504 dissidia
995 3442 1329 3504 ·transferri
1360 3442 1610 3527 poffint.
1698 3442 1964 3504 Mutatis
1993 3441 2193 3504 verbis
2211 3486 2230 3514 ,
2275 3465 2385 3512 no·

286 3555 376 3616 bis
412 3555 648 3616 ‘eadem
688 3569 969 3616 narratur
1012 3550 1241 3616 fabula.
1327 3553 1416 3614 Vt
1454 3549 1762 3636 quondam
1791 3549 2158 3633 Asclepiadis
2211 3550 2381 3613 adse·

290 3663 433 3736 clae,
466 3664 550 3724 ita
566 3666 912 3727 annoms
942 3661 1344 3726 adsectatores
1374 3675 1697 3747 praecepta
1732 3660 1871 3735 sua,
1891 3658 2170 3728 formulis
2183 3659 2383 3744 philo·
2446 3679 2458 3692 ·

291 3770 535 3856 sophiae
582 3793 784 3848 nouae
832 3771 1302 3858 comprehensa,
1370 3771 1552 3840 vnice
1581 3785 1745 3831 certa
1782 3784 1845 3831 et
1877 3771 2045 3831 omn-i
2075 3772 2386 3862 exceptio-

289 3903 366 3951 ne
412 3879 724 3964 superiora
772 3881 891 3943 effe
923 3867 1210 3943 audacter
1241 3858 1595 3954 adfirmant,
1654 3895 1884 3941 ceteros
1917 3878 2181 3941 medicos
2200 3859 2228 3954 ,¹
2280 3880 2389 3965 qui

291 4011 479 4055 nouas
499 3988 709 4076 epulas
723 3989 1142 4075 philosophice
1160 3989 1477 4053 instructas
1496 4004 1556 4052 et
1571 4005 1889 4075 apparatas
1902 3988 2238 4066 fastidiunt,
2267 4011 2383 4073 pro

2219 4100 2391 4188 ¹3³⁸·
